<record xmlns="http://www.loc.gov/MARC21/slim" xmlns:xsi="http://www.w3.org/2001/XMLSchema-instance" xsi:schemaLocation="http://www.loc.gov/MARC21/slim http://www.loc.gov/standards/marcxml/schema/MARC21slim.xsd"><leader>00664cz   2200181n  4500</leader><controlfield tag="001">oca00438627 </controlfield><controlfield tag="005">20010117094418.0</controlfield><controlfield tag="008">801105n| acannaab           |a aaa      </controlfield><datafield ind1=" " ind2=" " tag="010"><subfield code="a">n  80056883 </subfield><subfield code="z">n  80056882 </subfield></datafield><datafield ind1=" " ind2=" " tag="040"><subfield code="a">DLC</subfield><subfield code="c">DLC</subfield><subfield code="d">DLC</subfield></datafield><datafield ind1="1" ind2=" " tag="100"><subfield code="a">Brutus, Marcus Junius,</subfield><subfield code="d">85?-42 B.C.</subfield></datafield><datafield ind1="1" ind2=" " tag="400"><subfield code="a">Brutus, Q. Caepio,</subfield><subfield code="d">85?-42 B.C.</subfield></datafield><datafield ind1="0" ind2=" " tag="400"><subfield code="a">Brutus,</subfield><subfield code="d">85?-42 B.C.</subfield></datafield><datafield ind1="1" ind2=" " tag="400"><subfield code="a">Iunius Brutus, Marcus,</subfield><subfield code="d">85?-42 B.C.</subfield></datafield><datafield ind1="1" ind2=" " tag="400"><subfield code="a">Junius Brutus, Marcus,</subfield><subfield code="d">85?-42 B.C.</subfield></datafield><datafield ind1="0" ind2=" " tag="500"><subfield code="a">Pseudo-Brutus</subfield></datafield><datafield ind1=" " ind2=" " tag="670"><subfield code="a">Ortmann, U. Her Cicero, Brutus und Octavian, 1988:</subfield><subfield code="b">t.p. (Brutus)</subfield></datafield><datafield ind1=" " ind2=" " tag="670"><subfield code="a">Oxford classical dict., 1996</subfield><subfield code="b">(Iunius Brutus, Marcus; b. (probably) 85 B.C.; d. 42 B.C.)</subfield></datafield></record>